<record><leader>00000cas a22000007a 4500</leader><controlfield tag="001">31931912</controlfield><controlfield tag="008">950203c19869999vauwr ne      0    0eng d</controlfield><datafield ind1=" " ind2=" " tag="010"><subfield code="a">sn 95079493 </subfield></datafield><datafield ind1=" " ind2=" " tag="040"><subfield code="a">NVK</subfield><subfield code="b">eng</subfield><subfield code="c">NVK</subfield><subfield code="d">OCLCQ</subfield><subfield code="d">OCLCF</subfield><subfield code="d">OCLCO</subfield></datafield><datafield ind1="1" ind2=" " tag="029"><subfield code="a">AU@</subfield><subfield code="b">000011527082</subfield></datafield><datafield ind1=" " ind2=" " tag="042"><subfield code="a">msc</subfield></datafield><datafield ind1=" " ind2=" " tag="043"><subfield code="a">n-us-nc</subfield></datafield><datafield ind1="0" ind2="4" tag="245"><subfield code="a">The Carolina coast.</subfield></datafield><datafield ind1="1" ind2="7" tag="246"><subfield code="a">Coast</subfield></datafield><datafield ind1=" " ind2=" " tag="260"><subfield code="a">[Norfolk, Va. :</subfield><subfield code="b">Landmark Communications],</subfield><subfield code="c">1986-</subfield></datafield><datafield ind1=" " ind2=" " tag="300"><subfield code="a">v.</subfield></datafield><datafield ind1=" " ind2=" " tag="310"><subfield code="a">Weekly</subfield></datafield><datafield ind1="0" ind2=" " tag="362"><subfield code="a">Vol. 1, no. 1 (May 1, 1986)-</subfield></datafield><datafield ind1=" " ind2=" " tag="530"><subfield code="a">Available on Microfilm from Bell &amp; Howell.</subfield></datafield><datafield ind1=" " ind2=" " tag="580"><subfield code="a">Published as part of the Virginian-pilot and the Ledger-star.</subfield></datafield><datafield ind1=" " ind2="0" tag="651"><subfield code="a">Nags Head (N.C.)</subfield><subfield code="v">Newspapers.</subfield></datafield><datafield ind1=" " ind2="7" tag="655"><subfield code="a">Newspapers.</subfield><subfield code="2">fast</subfield><subfield code="0">(OCoLC)fst01423814</subfield></datafield><datafield ind1=" " ind2="7" tag="651"><subfield code="a">North Carolina</subfield><subfield code="z">Nags Head.</subfield><subfield code="2">fast</subfield><subfield code="0">(OCoLC)fst01220375</subfield></datafield><datafield ind1=" " ind2=" " tag="752"><subfield code="a">United States</subfield><subfield code="b">Virginia</subfield><subfield code="d">Norfolk.</subfield></datafield><datafield ind1=" " ind2=" " tag="752"><subfield code="a">United States</subfield><subfield code="b">North Carolina</subfield><subfield code="c">Dare</subfield><subfield code="d">Nag's Head.</subfield></datafield><datafield ind1="1" ind2=" " tag="777"><subfield code="t">Virginian-pilot (Norfolk, Va. : 1955)</subfield><subfield code="w">(DLC)sn 86009049</subfield></datafield><datafield ind1="1" ind2=" " tag="777"><subfield code="t">Ledger-star</subfield><subfield code="w">(DLC)sn 86009048</subfield></datafield><datafield ind1="1" ind2=" " tag="777"><subfield code="t">Virginian-pilot and the Ledger-star</subfield><subfield code="x">8750-2976</subfield><subfield code="w">(DLC)sn 84003737</subfield></datafield></record>